%% Created using Papers on Mon, 14 Jan 2013.
%% http://mekentosj.com/papers/

@book{russ2002image,
  title={The Image Processing Handbook},
  author={Russ, J C},
  isbn={9780849311420},
  lccn={94027648},
  series={Image Processing Handbook},
  url={http://books.google.co.uk/books?id=OZVeoomxxhYC},
  year={2002},
  publisher={Crc Press}
}

@book{hecht2002optics,
  title={Optics},
  author={Hecht, E},
  isbn={9780805385663},
  lccn={20010325},
  year={2002},
  publisher={Addison-Wesley}
}

@book{shinya1997video,
  title={Video Microscopy: The Fundamentals},
  author={Inou{\'e}, S and Spring, K R},
  isbn={9780306455315},
  lccn={97026274},
  series={The Language of Science},
  year={1997},
  publisher={Plenum Press}
}

@book{tuchin2007tissue,
  title={Tissue Optics: Light Scattering Methods and Instruments for Medical Diagnosis},
  author={Tuchin, V V and Society Of Photo-Optical Instrumentation Engineers},
  isbn={9780819464330},
  lccn={2006034872},
  series={Press Monographs},
  url={http://books.google.co.uk/books?id=hpGJhfHX9CgC},
  year={2007},
  publisher={SPIE/International Society for Optical Engineering}
}

@book{natterer2001mathematics,
  title={The Mathematics of Computerized Tomography},
  author={Natterer, F.},
  isbn={9780898714937},
  lccn={01020478},
  series={Classics in Applied Mathematics},
  url={http://books.google.de/books?id=gjSO1hLbcD0C},
  year={2001},
  publisher={Society for Industrial and Applied Mathematics}
}

@article{Winfree:1996,
  title={Quantitative optical tomography of chemical waves and their organizing centers},
  author={Winfree, A T and Caudle, S and Chen, G and McGuire, P and Szilagyi, Z},
  journal={Chaos: An Interdisciplinary Journal of Nonlinear Science},
  volume={6},
  number={4},
  pages={617--626},
  year={1996}
}

@article{Mao:2008,
  title={Influence of alcohols on the optical clearing effect of skin in vitro},
  author={Mao, Z and Zhu, D and Hu, Y and Wen, X and Han, Z},
  journal={Journal of Biomedical Optics},
  volume={13},
  number={2},
  pages={021104--021104},
  year={2008},
  publisher={International Society for Optics and Photonics}
}

@article{Choi:2005,
  title={Determination of chemical agent optical clearing potential using in vitro human skin},
  author={Choi, B and Tsu, L and Chen, E and Ishak, T S and Iskandar, S M and Chess, S and Nelson, J S},
  journal={Lasers in Surgery and Medicine},
  volume={36},
  number={2},
  pages={72--75},
  year={2005},
  publisher={Wiley Online Library}
}

@article{Shcherbo:2007, 
title={Bright far-red fluorescent protein for whole-body imaging.}, 
volume={4},  
number={9}, 
journal={Nature methods},
author={Shcherbo, D and Merzlyak, E and Chepurnykh, T and Fradkov, A and Ermakova, G and Solovieva, El and Lukyanov, K and Bogdanova, E and Zaraisky, A and Lukyanov, S and et al.}, 
year={2007},  
pages={741--6}
}

@article{Hoffman:2009,
year={2009},
journal={Clinical and Experimental Metastasis},
volume={26},
issue={4},
title={Imaging cancer dynamics in vivo at the tumor and cellular level with fluorescent proteins},
publisher={Springer Netherlands},
author={Hoffman, R M},
pages={345-355},
}


@article{Doubrovin:2001, 
title={Imaging transcriptional regulation of p53-dependent genes with positron emission tomography in vivo.}, 
author={Doubrovin, M and Ponomarev, V and Beresten, T and Balatoni, J and Bornmann, W and Finn, R and Humm, J and Larson, S and Sadelain, M and Blasberg, R and et al.},
journal={Proceedings of the National Academy of Sciences of the United States of America},
volume={98}, 
number={16},   
year={2001}, 
pages={9300–5}
}


@article{Varia:1998, 
title={Pimonidazole: a novel hypoxia marker for complementary study of tumor hypoxia and cell proliferation in cervical carcinoma.}, 
volume={71},  
number={2}, 
journal={Gynecologic oncology}, 
author={Varia, M and Calkins-Adams, D and Rinker, L and Kennedy, A and Novotny, D and Fowler, W and Raleigh, J }, 
year={1998}, 
pages={270--277}
}

@article{Gross:2005, 
title={Spying on cancer: molecular imaging in vivo with genetically encoded reporters.}, volume={7},   
number={1}, 
journal={Cancer cell}, 
author={Gross, S and Piwnica-Worms, D}, 
year={2005},  
pages={5–-15}
}

@article{Hoffman:2005, 
title={The multiple uses of fluorescent proteins to visualize cancer in vivo.}, 
volume={5},  
number={10}, 
journal={Nature reviews. Cancer}, 
author={Hoffman, R}, 
year={2005}, 
pages={796–-806}
}

@article{Gatenby:2008, 
title={A microenvironmental model of carcinogenesis.}, 
volume={8},  
number={1}, 
journal={Nature reviews. Cancer}, 
author={Gatenby, R and Gillies, R }, 
year={2008},  
pages={56--61}}

@article{Blasberg:2003, 
title={Molecular imaging and cancer.}, 
volume={2},  
number={3}, 
journal={Molecular cancer therapeutics}, 
author={Blasberg, R }, 
year={2003},  
pages={335–-43}
}

@article{xia1995fourier,
  title={Fourier correction for spatially variant collimator blurring in SPECT},
  author={Xia, W. and Lewitt, R.M. and Edholm, P.R.},
  journal={Medical Imaging, IEEE Transactions on},
  volume={14},
  number={1},
  pages={100--115},
  year={1995},
  publisher={IEEE}
}


@article{hudson1994accelerated,
  title={Accelerated image reconstruction using ordered subsets of projection data},
  author={Hudson, H.M. and Larkin, R.S.},
  journal={Medical Imaging, IEEE Transactions on},
  volume={13},
  number={4},
  pages={601--609},
  year={1994},
  publisher={IEEE}
}

@inproceedings{ray1983laser,
  title={Laser tomography for simultaneous concentration and temperature measurement in reacting flows},
  author={Ray, S R and Semerjian, H G},
  booktitle={American Institute of Aeronautics and Astronautics, Thermophysics Conference, 18 th, Montreal, Canada},
  year={1983}
}

@article{kawata1990laser,
  title={Laser computed-tomography microscope},
  author={Kawata, S and Nakamura, O and Noda, T and Ooki, H and Ogino, K and Kuroiwa, Y and Minami, S},
  journal={Applied optics},
  volume={29},
  number={26},
  pages={3805--3809},
  year={1990},
  publisher={Optical Society of America}
}

@article{hausler1972method,
  title={A method to increase the depth of focus by two step image processing},
  author={H{\"a}usler, G},
  journal={Optics Communications},
  volume={6},
  number={1},
  pages={38--42},
  year={1972},
  publisher={Elsevier}
}

@book{hsieh2003computed,
  title={Computed Tomography: Principles, Design, Artifacts, and Recent Advances},
  author={Hsieh, J},
  isbn={9780819444257},
  lccn={2001055063},
  series={SPIE Press monograph},
  url={http://books.google.co.uk/books?id=JX\_\_lLLXFHkC},
  year={2003},
  publisher={SPIE Press}
}

@phdthesis{huang1993optical,
  title={Optical coherence tomography},
  author={Huang, D and Swanson, E A and Lin, C P and Schuman, J S and Stinson, W G and Chang, W and Hee, M R and Flotte, T and Gregory, K and Puliafito, C A and others},
  year={1993},
  school={Massachusetts Institute of Technology, Whitaker College of Health Sciences and Technology}
}

@article{Maryanski:1996,
  title={Radiation dose distributions in three dimensions from tomographic optical density scanning of polymer gels: II. Optical properties of the BANG polymer gel},
  author={Maryanski, M J and Zastavker, Y Z and Gore, J C},
  journal={Physics in medicine and biology},
  volume={41},
  number={12},
  pages={2705},
  year={1999},
  publisher={IOP Publishing}
}


@article{Mao:2008ft,
author = {Mao, Z and Zhu, D and Hu, Y and Wen, X and Han, Z},
title = {{Influence of alcohols on the optical clearing effect of skin in vitro}},
journal = {Journal of Biomedical Optics},
year = {2008},
volume = {13},
number = {2},
pages = {021104}
}

@article{Oldham:2004cj,
author = {Oldham, M},
title = {{Optical-CT scanning of polymer gels}},
journal = {Journal of Physics: Conference Series},
year = {2004},
volume = {3},
pages = {122--135},
month = nov
}

@article{Kerwin:2004eb,
author = {Kerwin, J and Scott, M and Sharpe, J and Puelles, L and Robson, Stephen C and Mart{\'\i}nez-de-la-Torre, M and Ferran, J and Feng, G and Baldock, R and Strachan, T and Davidson, D and Lindsay, S},
journal = {BMC Neuroscience},
year = {2004},
volume = {5},
number = {1},
pages = {27}
}

@article{Thomas:2010gt,
author = {Thomas, A and Bowsher, J and Roper, J and Oliver, T and Dewhirst, M and Oldham, M},
title = {{A comprehensive method for optical-emission computed tomography}},
journal = {Physics in Medicine and Biology},
year = {2010},
volume = {55},
number = {14},
pages = {3947--3957},
month = jun
}

@article{Yeh:2006it,
author = {Yeh, A T and Hirshburg, J},
title = {{Molecular interactions of exogenous chemical agents with collagen---implications for tissue optical clearing}},
journal = {Journal of Biomedical Optics},
year = {2006},
volume = {11},
number = {1},
pages = {014003}
}

@article{Sakhalkar:2007hp,
author = {Sakhalkar, H S and Dewhirst, M and Oliver, T and Cao, Y and Oldham, M},
title = {{Functional imaging in bulk tissue specimens using optical emission tomography: fluorescence preservation during optical clearing}},
journal = {Physics in Medicine and Biology},
year = {2007},
volume = {52},
number = {8},
pages = {2035--2054},
month = mar
}

@article{Cicchi:2005,
author = {Cicchi, R and Sampson, D and Massi, D and Pavone, F},
title = {{Contrast and depth enhancement in two-photon microscopy of human skin ex vivo by use of optical clearing agents}},
journal = {Optics Express},
year = {2005},
volume = {13},
number = {7},
pages = {2337--44},
}

@article{Tarte:2006,
author = {Tarte, B J and Jardine, P A and van Doorn, T},
title = {{Laser-scanned agarose gel sections for radiation field mapping}},
journal = {International Journal of Radiation Oncology* Biology* Physics},
year = {1996},
volume = {36},
number = {1},
pages = {175--179}
}

@article{Yeh:2003,
author = {Yeh,A T and Choi, B and Nelson, J S and Tromberg, B J},
title = {{Reversible Dissociation of Collagen in Tissues}},
journal = {The Journal of Investigative Dermatology},
year = {2003},
volume = {121},
number = {6},
pages = {1332--5},
}

@article{Cheddad:jl,
author = {Cheddad, A and Svensson, C and Sharpe, J and Georgsson, F and Ahlgren, U},
title = {{Image Processing Assisted Algorithms for Optical Projection Tomography}},
journal = {IEEE Transactions on Medical Imaging},
volume = {31},
number = {1},
pages = {1--15}
}

@article{Xu:2003cc,
author = {Xu, Y and Wuu, C and Maryanski, Marek J},
title = {{Determining optimal gel sensitivity in optical CT scanning of gel dosimeters}},
journal = {Medical Physics},
year = {2003},
volume = {30},
number = {8},
pages = {2257}
}

@article{Sharpe:2003cm,
author = {Sharpe, J},
title = {{Optical projection tomography as a new tool for studying embryo anatomy}},
journal = {Journal of Anatomy},
year = {2003},
volume = {202},
number = {2},
pages = {175--181},
month = feb
}

@article{Vargas:1999,
author = {Vargas,G and Chan, E K and Barton, J K and Rylander, H G and Welch, A J},
title = {{Use of an Agent to Reduce Scattering}},
journal = {Lasers in Surgery and Medicine},
year = {1999},
volume = {24},
number = {2},
pages = {133--41},
}

@article{Darrell:2008gd,
author = {Darrell, A and Meyer, H and Marias, K and Brady, M and Ripoll, J},
title = {{Weighted filtered backprojection for quantitative fluorescence optical projection tomography}},
journal = {Physics in Medicine and Biology},
year = {2008},
volume = {53},
number = {14},
pages = {3863--3881},
month = jun
}

@article{Dong:2012,
author = {Dong, D and Zhu, S and Qin, C and Kumar, V and V Stein, J and Oehler, S and Savakis, C and Tian, J and Ripoll, J},
title = {{Automated Recovery of the Center of Rotation in Optical Projection Tomography in the Presence of Scattering}},
year = {2012},
publisher={IEEE}
}

@article{Museum:2010uo,
author = {Museum, United States National},
title = {{Proceedings of the United States National Museum}},
year = {2010},
pages = {1--17},
month = aug
}

@article{Rahman:2010ix,
author = {Rahman, A T A and Br{\"a}uer-Krisch, E and Brochard, T and Adamovics, J and Clowes, S and Bradley, D and Doran, S J},
title = {{Creation of sophisticated test objects for quality assurance of optical computed tomography scanners}},
journal = {Journal of Physics: Conference Series},
year = {2010},
volume = {250},
pages = {012046},
month = dec
}

@article{Doran:2012fy,
author = {Doran, S J and Yatigammana, D N B},
title = {{Eliminating the need for refractive index matching in optical CT scanners for radiotherapy dosimetry: I. Concept and simulations}},
journal = {Physics in Medicine and Biology},
year = {2012},
volume = {57},
number = {3},
pages = {665--683},
month = jan
}

@article{AlNowais:2009jl,
author = {Al-Nowais, S and Doran, S J},
title = {{CCD-based optical CT scanning of highly attenuating phantoms}},
journal = {Journal of Physics: Conference Series},
year = {2009},
volume = {164},
pages = {012023},
month = jun
}

@article{Jordan:2004hb,
author = {Jordan, K},
title = {{Advances in optical CT scanning for gel dosimetry}},
journal = {Journal of Physics: Conference Series},
year = {2004},
volume = {3},
pages = {115--121},
month = nov
}

@article{Doran:2010hr,
author = {Doran, S J},
title = {{Imaging and 3-D dosimetry: top tips for MRI and optical CT}},
journal = {Journal of Physics: Conference Series},
year = {2010},
volume = {250},
pages = {012086},
month = dec
}

@article{Krstajic:2009kx,
author = {Krstaji{\'c}, N and Doran, S J},
title = {{Initial characterization of fast laser scanning optical CT apparatus for 3-D dosimetry}},
journal = {Journal of Physics: Conference Series},
year = {2009},
volume = {164},
pages = {012022},
month = jun
}

@article{Doran:2008kh,
author = {Doran, S J},
title = {{The history and principles of optical computed tomography for scanning 3-D radiation dosimeters: 2008 update}},
journal = {Journal of Physics: Conference Series},
year = {2009},
volume = {164},
pages = {012020},
month = jun,
annote = {Good review of techniques.
Have searched most interesting refs.
Look up books on CT principles. 

}
}

@article{Shimizu:2000vq,
author = {Shimizu, K and Kitama, M},
title = {{Fundamental study on near-axis scattered light and its application to optical computed tomography}},
journal = {Optical Review},
year = {2000},
volume = {7},
number = {5},
pages = {383--388}
}

@article{Grable:2000wy,
author = {Grable, R J and Ponder, S L and Gkanatsios, N A and Dieckmann, W and Olivier, P},
title = {{Optical computed tomography for imaging the breast: first look}},
year = {2000}
}

@article{Sijbers:2004fq,
author = {Sijbers, J and Postnov, A},
title = {{Reduction of ring artefacts in high resolution micro-CT reconstructions}},
journal = {Physics in Medicine and Biology},
year = {2004},
volume = {49},
number = {14},
pages = {N247--N253},
month = jul
}

@article{Huang:2008fx,
author = {Huang, H-M and Xia, J and Haidekker, M A},
title = {{Fast Optical Transillumination Tomography with Large-Size Projection Acquisition}},
journal = {Annals of Biomedical Engineering},
year = {2008},
volume = {36},
number = {10},
pages = {1699--1707},
month = aug
}

@article{Walls:2005ja,
author = {Walls, J R and Sled, J G and Sharpe, J and Henkelman, R M},
title = {{Correction of artefacts in optical projection tomography}},
journal = {Physics in Medicine and Biology},
year = {2005},
volume = {50},
number = {19},
pages = {4645--4665},
month = sep
}

@article{Gore:1999tg,
author = {Gore, J C and Ranade, M and Maryanski, M J},
title = {{Radiation dose distributions in three dimensions from tomographic optical density scanning of polymer gels: I. Development of an optical scanner - Abstract - Physics in Medicine and Biology - IOPscience}},
journal = {Physics in medicine {\ldots}},
year = {1999}
}

@article{Krstajic:2007ec,
author = {Krstaji{\'c}, N and Doran, S J},
title = {{Characterization of a parallel-beam CCD optical-CT apparatus for 3D radiation dosimetry}},
journal = {Physics in Medicine and Biology},
year = {2007},
volume = {52},
number = {13},
pages = {3693--3713},
month = may
}

@article{Krstajic:2006kna,
author = {Krstaji{\'c}, N and Doran, S J},
title = {{Focusing optics of a parallel beam CCD optical tomography apparatus for 3D radiation gel dosimetry}},
journal = {Physics in Medicine and Biology},
year = {2006},
volume = {51},
number = {8},
pages = {2055--2075},
month = apr,
annote = { Use 2 positive lenses and an aperture stop - this makes the beams parallel through the object (good for backprojection) and also rejects scattered light. Overcomes scattered light problems from previous Doran 2001 set-up with diffuser screen.

Called Telecentric set-up. Many advantages. page8

Read chap 5 Hecht for focussing optics. Focussing on the sample and CCD more complex - different n and refractions. Experiment with different position using approx equation to predict object distance. pg9

pg11 - exp to find size of acceptance angle.

Webb 1988 for first filtered backprojection algorithm

}
}

@article{Doran:2001ee,
author = {Doran, S J and Koerkamp, K K and Bero, M A and Jenneson, P and Morton, E J and Gilboy, W B},
title = {{A CCD-based optical CT scanner for high-resolution 3D imaging of radiation dose distributions: equipment specifications, optical simulations and preliminary results}},
journal = {Physics in Medicine and Biology},
year = {2001},
volume = {46},
number = {12},
pages = {3191--3213},
month = nov
}

@article{Hanahan:2011gua,
author = {Hanahan, D and Weinberg, R A},
title = {{Hallmarks of Cancer: The Next Generation}},
journal = {Cell},
year = {2011},
volume = {144},
number = {5},
pages = {646--674},
month = mar
}

@article{Guo:2006,
author = {Guo, P Y and Adamovics, J A and Oldham, M},
title = {{Characterization of a new radiochromic three-dimensional dosimeter}},
journal = {Medical Physics},
year = {2006},
volume = {33},
number = {5},
pages = {1338}
}

@article{Sharpe:2002jp,
author = {Sharpe, J},
title = {{Optical Projection Tomography as a Tool for 3D Microscopy and Gene Expression Studies}},
journal = {Science},
year = {2002},
volume = {296},
number = {5567},
pages = {541--545},
month = apr
}

@article{Shepp:1974,
author = {Shepp, L A and Logan, B F},
title = {{The Fourier reconstruction of a head section}},
journal = {IEEE Trans. Nucl. Sci},
year = {1974},
volume = {21},
number = {3},
pages = {21--43}
}

@article{Boone:1994,
author = {Boone, J M and Seibert, J A},
title = {{An analytical edge spread function model for computer fitting and subsequent calculation of the LSF and MTF}},
journal = {Medical Physics},
year = {1994},
volume = {21},
number = {10},
pages = {1541--5},
}

@article{Webb:1996,
author = {Webb, R H},
title = {{Confocal optical microscopy}},
journal = {Reports on Progress in Physics},
year = {1996},
volume = {59},
pages = {427--471},
}

@article{Chen:2012,
author = {Chen, L and McGinty, J and Taylor, H B and Bugeon, L and Lamb, J R and Dallman, M J and French, P M W},
title = {{Incorporation of an experimentally determined MTF for spatial frequency filtering and deconvolution during optical projection tomography reconstruction}},
journal = {Optics Express},
year = {2012},
volume = {20},
number = {7},
pages = {7323--7337}
}



@article{Gundy:2004jpa,
author = {Gundy, S and Van der Putten, W and Shearer, A and Buckton, D and Ryder, A G},
title = {{Determination of the modulation transfer function for a time-gated fluorescence imaging system}},
journal = {Journal of Biomedical Optics},
year = {2004},
volume = {9},
number = {6},
pages = {1206}
}

@article{Oldham:2004,
author = {Oldham, M and Kim, L},
title = {{Optical-CT gel-dosimetry II: Optical artifacts and geometrical distortion}},
journal = {Medical Physics},
year = {2004},
volume = {31},
number = {5},
pages = {1093}
}

@article{Boone:2001bta,
author = {Boone, J M},
title = {{Determination of the presampled MTF in computed tomography}},
journal = {Medical Physics},
year = {2001},
volume = {28},
number = {3},
pages = {356}
}

@article{Thomas:2011eja,
author = {Thomas, A and Newton, J and Oldham, M},
title = {{A method to correct for stray light in telecentric optical-CT imaging of radiochromic dosimeters}},
journal = {Physics in Medicine and Biology},
year = {2011},
volume = {56},
number = {14},
pages = {4433--4451},
month = jun
}

@article{LopatiukTirpak:2008gqa,
author = {Lopatiuk-Tirpak, O and Langen, K M and Meeks, S L and Kupelian, P A and Zeidan, O A and Maryanski, M J},
title = {{Performance evaluation of an improved optical computed tomography polymer gel dosimeter system for 3D dose verification of static and dynamic phantom deliveries}},
journal = {Medical Physics},
year = {2008},
volume = {35},
number = {9},
pages = {3847}
}

@article{Kim:2000,
author = {Kim, Q and Yang, G and Wrigley, C J and Cunningham, T J and Pain, B},
title = {{Modulation transfer function of active pixel focal plane arrays}},
journal={Proc. SPIE3950},
year = {2000},
pages={49--56},
}

@article{Kim:2008eua,
author = {Kim, E and Bowsher, J and Thomas, A S and Sakhalkar, H and Dewhirst, M and Oldham, M},
title = {{Improving the quantitative accuracy of optical-emission computed tomography by incorporating an attenuation correction: application to HIF1 imaging}},
journal = {Physics in Medicine and Biology},
year = {2008},
volume = {53},
number = {19},
pages = {5371--5383},
month = sep
}

@article{Walls:2007jl,
author = {Walls, J R and Sled, J G and Sharpe, J and Henkelman, R M},
title = {{Resolution improvement in emission optical projection tomography}},
journal = {Physics in Medicine and Biology},
year = {2007},
volume = {52},
number = {10},
pages = {2775--2790},
month = apr
}

@article{Boone:1986,
 author={Boone, J M  and Arnold, B A  and Seibert, J A},
  title={Characterization of the point spread function and modulation transfer function of scattered radiation using a digital imaging system},
  journal={Medical physics},
  volume={13},
  pages={254},
  year={1986}
}

@article{Pierre:2003wra,
author = {ESTRIBEAU, P and MAGNAN, M},
title = {{Fast MTF measurement of CMOS imagers using ISO 12233 slanted-edge methodology}},
year = {2003},
pages = {1--10},
month = sep
}

@article{Oldham:2006b,
author = {Guo, P and Adamovics, J and Oldham, M},
title = {{A practical three-dimensional dosimetry system for radiation therapy}},
journal = {Medical Physics},
year = {2006},
volume = {33},
number = {10},
pages = {3962}
}

@article{Krstajic:2007hk,
author = {Krstaji{\'c}, N and Doran, S J},
title = {{Fast laser scanning optical-CT apparatus for 3D radiation dosimetry}},
journal = {Physics in Medicine and Biology},
year = {2007},
volume = {52},
number = {11},
pages = {N257--N263},
month = may
}

@article{Oldham:2008dfa,
author = {Oldham, M and Sakhalkar, H and Oliver, T and Allan Johnson, G and Dewhirst, M},
title = {{Optical clearing of unsectioned specimens for three-dimensional imaging via optical transmission and emission tomography}},
journal = {Journal of Biomedical Optics},
year = {2008},
volume = {13},
number = {2},
pages = {021113}
}

@article{Islam:2003gs,
author = {Islam, K T S and Dempsey, J F and Ranade, Manisha K and Maryanski, M J and Low, D A},
title = {{Initial evaluation of commercial optical CT-based 3D gel dosimeter}},
journal = {Medical Physics},
year = {2003},
volume = {30},
number = {8},
pages = {2159}
}

@article{Bero:1999,
title = {{Three-dimensional radiation dose measurements with Ferrous BenzoicAcid Xylenol Orange in Gelatin gel and optical absorption tomography}},
author={Bero, M A and Gilboy, W B and Glover, P M and Keddie, J L},
journal={Nuclear Instruments and Methods in Physics Research Section A: Accelerators, Spectrometers, Detectors and Associated Equipment},
volume={422},
number={1},
pages={617--620},
year={1999},
publisher={Elsevier}
}

@article{Jeong:2007,
title = {{Volumetric motility-contrast imaging of tissue response to cytoskeletal anti-cancer drugs}},
author={Jeong, K and Turek, J J and Nolte, D D},
  journal={Optics Express},
  volume={15},
  number={21},
  pages={14057--14064},
  year={2007}
}

@article{Khan:2004tv,
author = {Khan, M H and Choi, B and Chess, S and Kelly, K M},
title = {{Optical clearing of in vivo human skin: Implications for light-based diagnostic imaging and therapeutics}},
journal = {Lasers in Surgery and {\ldots}},
year = {2004}
}

@article{Doran:2010hn,
author = {Doran, S J and Brochard, T and Adamovics, J and Krstaji{\'c}, N and Br{\"a}uer-Krisch, E},
title = {{An investigation of the potential of optical computed tomography for imaging of synchrotron-generated x-rays at high spatial resolution}},
journal = {Physics in Medicine and Biology},
year = {2010},
volume = {55},
number = {5},
pages = {1531--1547},
month = feb
}

@article{Olding:2011eta,
author = {Olding, T and Schreiner, L J},
title = {{Cone-beam optical computed tomography for gel dosimetry II: imaging protocols}},
journal = {Physics in Medicine and Biology},
year = {2011},
volume = {56},
number = {5},
pages = {1259--1279},
month = feb
}

@article{Kelly:1998,
author = {Kelly, R G and Jordan, K J and Battista, J J},
title = {{Optical CT reconstruction of 3D dose distributions using the ferrous--benzoic--xylenol (FBX) gel dosimeter}},
journal = {Medical Physics},
year = {1998},
volume = {25},
number = {9},
pages = {1741-50},
month = sep
}

@article{Padhani:2010hfa,
author = {Padhani, A R and Miles, K A},
title = {{Multiparametric Imaging of Tumor Response to Therapy}},
journal = {Radiology},
year = {2010},
volume = {256},
number = {2},
pages = {348--364},
month = jul
}

@article{Swoger:2007,
title = {{Multi-view image fusion improves resolution in three-dimensional microscopy}},
author={Swoger, J and Verveer, P and Greger, K and Huisken, J and Stelzer, E H K},
  journal={Optics express},
  volume={15},
  number={13},
  pages={8029--8042},
  year={2007},
  publisher={Optical Society of America}
}

@article{Shaw:1989fga,
author = {Shaw, P J and Agard, D A and Hiraoka, Y and Sedat, J W},
title = {{Tilted view reconstruction in optical microscopy. Three-dimensional reconstruction of Drosophila melanogaster embryo nuclei}},
journal = {Biophysical Journal},
year = {1989},
volume = {55},
number = {1},
pages = {101--110},
month = jan
}

@article{Hanahan:2000,
author = {Hanahan, D and Weinberg, R A},
title = {{The hallmarks of cancer}},
journal = {Cell},
year = {2000},
volume = {100},
number = {1},
pages = {57--70}
}

@article{AbdulRahman:2011eqa,
author = {Abdul Rahman, A T and Br{\"a}uer-Krisch, E and Brochard, T and Adamovics, J and Clowes, S K and Bradley, D and Doran, S J},
title = {{Sophisticated test objects for the quality assurance of optical computed tomography scanners}},
journal = {Physics in Medicine and Biology},
year = {2011},
volume = {56},
number = {14},
pages = {4177--4199},
month = jun
}

@article{Sakhalkar:2008exa,
author = {Sakhalkar, H S and Oldham, M},
title = {{Fast, high-resolution 3D dosimetry utilizing a novel optical-CT scanner incorporating tertiary telecentric collimation}},
journal = {Medical Physics},
year = {2008},
volume = {35},
number = {1},
pages = {101}
}







@article{Bero:2000,
title = {{An optical method for three-dimensional dosimetry}},
author={Bero, M A and Gilboy, W B and Glover, P M},
  journal={Journal of Radiological Protection},
  volume={20},
  number={3},
  pages={287},
  year={2000},
  publisher={IOP Publishing}
}

@article{Cassidy:2005fqa,
author = {Cassidy, P J and Radda, G K},
title = {{Molecular imaging perspectives}},
journal = {Journal of The Royal Society Interface},
year = {2005},
volume = {2},
number = {3},
pages = {133--144},
month = may
}

@article{Thomas:2011gsa,
author = {Thomas, A and Pierquet, M and Jordan, K and Oldham, M},
title = {{A method to correct for spectral artifacts in optical-CT dosimetry}},
journal = {Physics in Medicine and Biology},
year = {2011},
volume = {56},
number = {11},
pages = {3403--3416},
month = may
}

@article{Arridge:2009,
author = {Arridge, S and Schotland, J},
title = {{Optical tomography: forward and inverse problems}},
journal = {arXiv.org},
year = {2009},
volume = {math.AP},
month = jul
}

@article{Baboulaz:jza,
author = {Baboulaz, L and Dragotti, P L},
title = {{Exact Feature Extraction Using Finite Rate of Innovation Principles With an Application to Image Super-Resolution}},
journal = {IEEE Transactions on Image Processing},
volume = {18},
number = {2},
pages = {281--298}
}

@article{Cheng:2011dw,
author = {Cheng, H W and Ho, C J and Lee, C C and Tu, S J and Shih, B Y and Chao, T C},
title = {{Development of a novel optical CT employing a laser to create a collimated line-source with a flat-top intensity distribution}},
journal = {Radiation Measurements},
year = {2011},
volume = {46},
number = {12},
pages = {1932--1935},
month = dec
}

@article{Wang:2007,
author = {Wang, Y and Wang, R K},
title = {{Optimization of image-forming optics for transmission optical projection tomography}},
journal = {Applied optics},
year = {2007},
volume = {46},
number = {27},
pages = {6815--6820}
}

@article{Vinegoni:2008ix,
author = {Vinegoni, C and Pitsouli, C and Razansky, D and Perrimon, N and Ntziachristos, V},
title = {{In vivo imaging of Drosophila melanogaster pupae with mesoscopic fluorescence tomography}},
journal = {Nature Methods},
year = {2008},
volume = {5},
number = {1},
pages = {45--47},
month = dec
}

@article{Bassi:2010,
author = {Bassi, A and Brida, D and D'Andrea, C and Valentini, G and Cubeddu, R and De Silvestri, S and Cerullo, G},
title = {{Time-gated optical projection tomography}},
journal = {Optics letters},
year = {2010},
volume = {35},
number = {16},
pages = {2732--2734}
}

@article{Peng:2012wi,
author = {Fei, P and Yu, Z and Wang, X and Lu, P J and Fu, Y and He, Z and Xiong, J and Huang, Y},
title = {{High dynamic range optical projection tomography (HDR-OPT)}},
journal = {Optics Express},
year = {2012},
volume = {20},
number = {8},
pages = {8824--8836}
}

@article{Tuchin:1997ww,
author = {Tuchin, V V and Maksimova, I L and Zimnyakov, D A and Kon, I L and Mavlutov, A H and Mishin, A A},
title = {{Light propagation in tissues with controlled optical properties}},
journal={Journal of Biomedical Optics},
  volume={2},
  number={4},
  pages={401--417},
  year={1997},
  publisher={International Society for Optics and Photonics}
}

@article{Oldham:2006,
author = {Oldham, M and Sakhalkar, H and Oliver, T and Wang, Y M and Kirkpatrick, J and Cao, Y and Badea, C and Johnson, G A and Dewhirst, M},
title = {{Three-dimensional imaging of xenograft tumors using optical computed and emission tomography}},
journal = {Medical Physics},
year = {2006},
volume = {33},
number = {9},
pages = {3193}
}

@article{Barbour:1995,
author = {Barbour, R L and Graber, H L and Chang, J and Barbour, S L S and {Koo, P.C.} and Aronson, R},
title = {{MRI-guided optical tomography: prospects and computation for a new imaging method}},
journal = {Computational Science {\&} Engineering, IEEE},
year = {1995},
volume = {2},
number = {4},
pages = {63--77}
}

@article{Rylander:2006iv,
author = {Rylander, C G and Stumpp, O F and Milner, T E and Kemp, N J and Mendenhall, J M and Diller, K R and Welch, A J},
title = {{Dehydration mechanism of optical clearing in tissue}},
journal = {Journal of Biomedical Optics},
year = {2006},
volume = {11},
number = {4},
pages = {041117}
}

@article{McGinty:2011vm,
author = {McGinty, J and Taylor, H B and Chen, L and Bugeon, L and Lamb, J R and Dallman, M J and French, P M W},
title = {{In vivo fluorescence lifetime optical projection tomography}},
journal = {Biomedical optics express},
year = {2011},
volume = {2},
number = {5},
pages = {1340--1350}
}

@article{Sakhalkar:2009hb,
author = {Sakhalkar, H S and Adamovics, J and Ibbott, G and Oldham, M},
title = {{A comprehensive evaluation of the PRESAGE/optical-CT 3D dosimetry system}},
journal = {Medical Physics},
year = {2009},
volume = {36},
number = {1},
pages = {71}
}

@article{Oldham:2007ku,
author = {Oldham, M and Sakhalkar, H and Wang, Y M and Guo, P and Oliver, T and Bentley, R and Vujaskovic, Z and Dewhirst, M},
title = {{Three-dimensional imaging of whole rodent organs using optical computed and emission tomography}},
journal = {Journal of Biomedical Optics},
year = {2007},
volume = {12},
number = {1},
pages = {014009}
}

@article{Oldham:2004bv,
author = {Oldham, M and Gluckman, G and Kim, L},
title = {{3D verification of a prostate IMRT treatment by polymer gel-dosimetry and optical-CT scanning}},
journal = {Journal of Physics: Conference Series},
year = {2004},
volume = {3},
pages = {293--296},
month = nov
}

@article{Wen:2009is,
author = {Wen, X and Tuchin, V V and Luo, Q and Zhu, D},
title = {{Controling the scattering of Intralipid by using optical clearing agents}},
journal = {Physics in Medicine and Biology},
year = {2009},
volume = {54},
number = {22},
pages = {6917--6930},
month = nov
}

@article{Soufan:2003cd,
author = {Soufan, A T and Ruijter, J M and van den Hoff, M J B and de Boer, P A J and Hagoort, J and Moorman, A F M},
title = {{Three-dimensional reconstruction of gene expression patterns during cardiac development}},
journal = {Physiological genomics},
year = {2003},
volume = {13},
number = {3},
pages = {187--195}
}

@article{Fauver:2005,
author = {Fauver, M and Seibel, E J and Rahn, J R and Meyer, M G and Patten, F W and Neumann, T and Nelson, A C},
title = {{Three-dimensional imaging of single isolated cell nuclei using optical projection tomography}},
journal = {Opt. Express},
year = {2005},
volume = {13},
number = {11},
pages = {4210--4223}
}

@article{McGinty:2008ix,
author = {McGinty, J and Tahir, K B and Laine, R and Talbot, C B and Dunsby, C and Neil, M A A and Quintana, L and Swoger, J and Sharpe, J and French, P M W},
title = {{Fluorescence lifetime optical projection tomography}},
journal = {Journal of Biophotonics},
year = {2008},
volume = {1},
number = {5},
pages = {390--394},
month = oct
}

@article{Wolodzko:1999,
author = {Wolodzko, J G and Marsden, C and Appleby, A},
title = {{CCD imaging for optical tomography of gel radiation dosimeters}},
journal = {Medical Physics},
year = {1999},
volume = {26},
pages = {2508}
}

@article{Oldham:2003,
author = {Oldham, M and Siewerdsen, J H and Kumar, S and Wong, J and Jaffray, D A},
title = {{Optical-CT gel-dosimetry I: basic investigations}},
journal = {Medical Physics},
year = {2003},
volume = {30},
number = {4},
pages = {623}
}

@article{Tarte:2007,
author = {Tarte, B J and Jardine, P A and van Doorn, T and Nitschke, K N and Poulsen, M G},
title = {{Development of a CCD array imaging system for measurement of dose distributions in doped agarose gels}},
journal = {Medical Physics},
year = {1997},
volume = {24},
pages = {1521}
}

@article{Birk:2011,
author = {Jochen Birk, U and Darrell, A and Konstantinides, N and Sarasa-Renedo, A and Ripoll, J},
title = {{Improved reconstructions and generalized filtered back projection for optical projection tomography}},
journal = {Applied optics},
year = {2011},
volume = {50},
number = {4},
pages = {392--398}
}

@article{Brown:1992,
author = {Brown, C S and Burns, D H and Spelman, F A and Nelson, A C},
title = {{Computed tomography from optical projections for three-dimensional reconstruction of thick objects}},
journal = {Applied optics},
year = {1992},
volume = {31},
number = {29},
pages = {6247--6254}
}

@article{FumeneFeruglio:2010iq,
author = {Fumene Feruglio, P and Vinegoni, C and Gros, J and Sbarbati, A and Weissleder, R},
title = {{Block matching 3D random noise filtering for absorption optical projection tomography}},
journal = {Physics in Medicine and Biology},
year = {2010},
volume = {55},
number = {18},
pages = {5401--5415},
month = aug
}

@article{Vinegoni:2009,
author = {Vinegoni, C and Fexon, L and Feruglio, P F and Pivovarov, M and Figueiredo, J L and Nahrendorf, M and Pozzo, A and Sbarbati, A and Weissleder, R},
title = {{High throughput transmission optical projection tomography using low cost graphics processing unit}},
journal = {Optics Express},
year = {2009},
volume = {17},
number = {25},
pages = {22320--22332}
}

@article{Boot:2008dt,
author = {Boot, M J and Westerberg, C H and Sanz-Ezquerro, J and Cotterell, J and Schweitzer, R and Torres, M and Sharpe, J},
title = {{In vitro whole-organ imaging: 4D quantification of growing mouse limb buds}},
journal = {Nature Methods},
year = {2008},
volume = {5},
number = {7},
pages = {609--612},
month = may
}

@article{Tuchin:2002,
title = {{Dynamic Optical Coherence Tomography in Studies of Optical Clearing, Sedimentation, and Aggregation of Immersed Blood}},
author={Tuchin, V V and Xu, X and Wang, R K},
  journal={Applied optics},
  volume={41},
  number={1},
  pages={258--271},
  year={2002},
  publisher={Optical Society of America}
}
}

@article{Potthoff:2010vk,
author = {Potthoff, T},
title = {{Clearing and staining techniques}},
year = {2010},
pages = {1--19},
month = may
}

@article{Lorbeer:2011,
author = {Lorbeer, R A and Heidrich, M and Lorbeer, C and Ram{\'\i}rez Ojeda, D F and Bicker, G and Meyer, H and Heisterkamp, A},
title = {{Highly efficient 3D fluorescence microscopy with a scanning laser optical tomograph}},
journal = {Optics Express},
year = {2011},
volume = {19},
number = {6},
pages = {5419--5430}
}

@article{Wang:2006hy,
author = {Wang, Y and Wang, R},
title = {{Imaging using parallel integrals in optical projection tomography}},
journal = {Physics in Medicine and Biology},
year = {2006},
volume = {51},
number = {23},
pages = {6023--6032},
month = oct
}

@article{Oldham:2007eu,
author = {Oldham, M},
title = {{3D dosimetry by optical-CT scanning}},
journal = {Journal of Physics: Conference Series},
year = {2007},
volume = {56},
pages = {58--71},
month = mar
}

@article{Tseng:2009ez,
author = {Tseng, S J and Lee, Y H and Chen, Z H and Lin, H H and Lin, C Y and Tang, S C},
title = {{Integration of optical clearing and optical sectioning microscopy for three-dimensional imaging of natural biomaterial scaffolds in thin sections}},
journal = {Journal of Biomedical Optics},
year = {2009},
volume = {14},
number = {4},
pages = {044004}
}

@article{Oldham:2001gs,
author = {Oldham, M and Siewerdsen, J H and Shetty, A and Jaffray, D A},
title = {{High resolution gel-dosimetry by optical-CT and MR scanning}},
journal = {Medical Physics},
year = {2001},
volume = {28},
number = {7},
pages = {1436}
}

@article{Hornblad:2011fh,
author = {H{\"o}rnblad, A and Cheddad, A and Ahlgren, U},
title = {{An improved protocol for optical projection tomography imaging reveals lobular heterogeneities in pancreatic islet and β-cell mass distribution}},
journal = {Islets},
year = {2011},
volume = {3},
number = {4},
pages = {204--208},
month = jul
}

@article{Wang:2001,
title={Concurrent enhancement of imaging depth and contrast for optical coherence tomography by hyperosmotic agents},
  author={Wang, R K and Xu, X and Tuchin, V V and Elder, J B},
  journal={JOSA B},
  volume={18},
  number={7},
  pages={948--953},
  year={2001},
  publisher={Optical Society of America}
}

@article{Colas:2009,
author = {Colas, J F and Sharpe, J},
title = {{Live optical projection tomography}},
journal = {Organogenesis},
year = {2009},
volume = {5},
number = {4},
pages = {211--216}
}

@article{Rieckher:2011,
author = {Rieckher, M and Birk, U J and Meyer, H and Ripoll, J and Tavernarakis, N},
title = {{Microscopic optical projection tomography in vivo}},
journal = {PLoS One},
year = {2011},
volume = {6},
number = {4},
pages = {e18963}
}

@article{Xu:2004iv,
author = {Xu, Y and Wuu, C S and Maryanski, M J},
title = {{Performance of a commercial optical CT scanner and polymer gel dosimeters for 3-D dose verification}},
journal = {Medical Physics},
year = {2004},
volume = {31},
number = {11},
pages = {3024}
}

@article{Ripoll:2009iq,
author = {Ripoll, J and Meyer, H and Garofalakis, A},
title = {{In vivo optical tomography: From diffusion to ballistic}},
journal = {Optical Materials},
year = {2009},
volume = {31},
number = {7},
pages = {1082--1085},
month = may
}

@article{Soloviev:2011,
author = {Soloviev, V Y and Arridge, S R},
title = {{Optical Tomography in weakly scattering media in the presence of highly scattering inclusions}},
journal = {Biomedical optics express},
year = {2011},
volume = {2},
number = {3},
pages = {440--451}
}

@article{Tuchin:2006fy,
author = {Tuchin, V V and Altshuler, G B and Gavrilova, A A and Pravdin, A B and Tabatadze, D and Childs, J and Yaroslavsky, I V},
title = {{Optical clearing of skin using flashlamp-induced enhancement of epidermal permeability}},
journal = {Lasers in Surgery and Medicine},
year = {2006},
volume = {38},
number = {9},
pages = {824--836}
}

